<record><leader>00000cas a22000007a 4500</leader><controlfield tag="001">1755478</controlfield><controlfield tag="008">751101c19219999mnuwr ne      0    0eng d</controlfield><datafield ind1=" " ind2=" " tag="010"><subfield code="a">sn 89081048 </subfield></datafield><datafield ind1=" " ind2=" " tag="040"><subfield code="a">MUL</subfield><subfield code="b">eng</subfield><subfield code="c">MUL</subfield><subfield code="d">MN#</subfield><subfield code="d">OCLCQ</subfield><subfield code="d">OCLCF</subfield><subfield code="d">OCLCO</subfield></datafield><datafield ind1="1" ind2=" " tag="029"><subfield code="a">AU@</subfield><subfield code="b">000025886142</subfield></datafield><datafield ind1=" " ind2=" " tag="042"><subfield code="a">msc</subfield></datafield><datafield ind1=" " ind2=" " tag="043"><subfield code="a">n-us-mn</subfield></datafield><datafield ind1=" " ind2=" " tag="052"><subfield code="a">4144</subfield><subfield code="b">L25</subfield></datafield><datafield ind1=" " ind2=" " tag="052"><subfield code="a">4143</subfield><subfield code="b">B6</subfield></datafield><datafield ind1="0" ind2="0" tag="245"><subfield code="a">Lake Crystal tribune.</subfield></datafield><datafield ind1=" " ind2=" " tag="260"><subfield code="a">Lake Crystal, Blue Earth County, Minn. :</subfield><subfield code="b">B.C. Ellsworth,</subfield><subfield code="c">1921-</subfield></datafield><datafield ind1=" " ind2=" " tag="300"><subfield code="a">v.</subfield></datafield><datafield ind1=" " ind2=" " tag="310"><subfield code="a">Weekly</subfield></datafield><datafield ind1="0" ind2=" " tag="362"><subfield code="a">40th year, no. 15 (Dec. 1, 1921)-</subfield></datafield><datafield ind1=" " ind2="0" tag="651"><subfield code="a">Lake Crystal (Minn.)</subfield><subfield code="v">Newspapers.</subfield></datafield><datafield ind1=" " ind2="7" tag="655"><subfield code="a">Newspapers.</subfield><subfield code="2">fast</subfield><subfield code="0">(OCoLC)fst01423814</subfield></datafield><datafield ind1=" " ind2="7" tag="651"><subfield code="a">Minnesota</subfield><subfield code="z">Lake Crystal.</subfield><subfield code="2">fast</subfield><subfield code="0">(OCoLC)fst01249562</subfield></datafield><datafield ind1=" " ind2=" " tag="752"><subfield code="a">United States</subfield><subfield code="b">Minnesota</subfield><subfield code="c">Blue Earth</subfield><subfield code="d">Lake Crystal.</subfield></datafield><datafield ind1="0" ind2="0" tag="780"><subfield code="t">Lake Crystal union</subfield><subfield code="w">(DLC)sn 89081049</subfield></datafield></record>